@manual{acuario_del_rio_parana,
  url          = {http://www.acuariodelrioparana.gob.ar/wp-content/uploads/sites/14/2020/11/Ecorregion-Delta-e-Islas-del-Parana.pdf},
  title        = {Ecorregión Delta e Islas del Paraná},
  organization = {{Centro Científico, Tecnológico y Educativo Acuario del Rio Paraná}},
  year         = {2020},
  note         = {Recuerado el 20 de enero de 2021}
}
@article{Galperin_2013,
  title   = {Valoración socio-económica de los bienes y servicios del humedal del Delta del Paraná},
  volume  = {14},
  url     = {https://raea.com.ar/revistaaaea_arg/article/view/14},
  number  = {1},
  journal = {Revista Argentina de Economía Agraria},
  author  = {Galperín, Carlos and Fossati, Verónica and Lottici, Maria Victoria},
  year    = {2013},
  month   = {dic.},
  pages   = {44-67}
}
@misc{pagina_12,
  author = {{Página 12}},
  title  = {Incendios en el Delta del Paraná: el fuego arrassó 300 mil hectáreas y devastó la fauna y flora de los humedales.},
  url    = {https://www.pagina12.com.ar/298291-incendios-en-el- delta-del-parana-el-fuego-arraso-300-mil-hec},
  year   = {2020},
  note   = {Recuperado el 21 de enero de 2021}
}
@misc{SNMF_2020,
  author = {{Servicio Nacional del Manejo del Fuego}},
  title  = {{Reporte Diario}},
  url    = {https://www.argentina.gob.ar/sites/default/files/informe_incendios_pais_01_10_20_1.pdf},
  year   = {2020},
  note   = {Recuperado el 20 de enero de 2021}
}
@misc{quemas_2008,
  author = {{Kandus P.}},
  title  = {Análisis ecológico sobre el sector de islas frente a las localicades de Zárate, Baradero y San Pedro},
  url    = {www.unsam.edu.ar/institutos/3ia/archivos/INFORME_quemas_2009.pdf},
  year   = {2009},
  note   = {Recuperado el 9 de junio de 2021}
}
@misc{molinas_2020,
  author = {Jorge Luis Molinas and Pablo Arias},
  title  = {Contaminación del aire por humo y aumento de la morbimortalidad respiratoria y cardiovascular.},
  url    = {https://fcm.unr.edu.ar/quema-de-humedales-informe/},
  year   = {2020},
  note   = {Recuperado el 20 de enero de 2021}
}
@inbook{atlas_radiacion_colombia_2005,
  author    = {Flórez Piedrahita, Carlos Arturo and Rodríguez Hernández , Alberto and Zapata Lesmes, Henry Josué and Concha Perdomo, Ismael and Romero Romero, Luis Carlos and Vesga Alfaro, Daniel Roberto and Costa Posada, Carlos and Henríquez Daza, Maximiliano and Simbaqueva Fonseca, Ovidio  and González Gómez,Olga Cecilia},
  title     = {Atlas de radiación solar de Colombia},
  chapter   = {Característica de la radiación solar},
  pages     = {127-137},
  publisher = {Imprenta nacional de Colombia},
  year      = 2005
}
@techreport{henry_2010,
  author      = {Benavides Ballesteros, Henry Oswaldo},
  title       = {Información tecnica sobre la radiación ultravioleta, el índice UV y su pronóstico},
  institution = {Instituto de Hidrología, Meteorología y Estudios Ambientales},
  year        = {2010},
  pages       = {1-41}
}
@article{Estupin_1996,
  url       = {https://doi.org/10.1029/96jd01170},
  year      = {1996},
  publisher = {American Geophysical Union ({AGU})},
  author    = {Jeral G. Estupiñán and Sethu Raman and Gennaro H. Crescenti and John J. Streicher and William F. Barnard},
  title     = {Effects of clouds and haze on {UV}-B radiation},
  journal   = {Journal of Geophysical Research: Atmospheres}
}
@book{Holick_1989,
  author    = {Michael F Holick},
  title     = {Phylogenetic and evolutionary aspects of vitamin D from phytoplankton to humans. Vertebrate endocrinology: fundamentals and biomedical implications},
  volume    = {3},
  pages     = {7-43},
  publisher = {FL: Academic Press},
  year      = {1989}
}
@article{Holick_2004,
  url       = {https://doi.org/10.1093/ajcn/80.6.1678s},
  year      = {2004},
  publisher = {Oxford University Press ({OUP})},
  author    = {Michael F Holick},
  title     = {Sunlight and vitamin D for bone health and prevention of autoimmune diseases,  cancers,  and cardiovascular disease},
  journal   = {The American Journal of Clinical Nutrition}
}
@article{vazquez_2017,
  author  = {Vásquez-Awad, David and Cano-Gutiérrez, Carlos Alberto and Gómez-Ortiz, Armando and González, Miguel Angel and Guzmán-Moreno,Renato and Martínez-Reyes, Ignacio and Rosero-Olarte, Oscar and  Rueda-Beltz, Camilo and Acosta-Reyes, Jorge Luis},
  year    = {2017},
  title   = {Vitamina D. Consenso colombiano de expertos},
  isbn    = {0120-5498},
  journal = {Medicina}
}
@book{global_solar_uv_index_2002,
  author = {{Organización Mundial de la Salud (OMS) en colaboración con el Programa de las Naciones Unidas para el Medio Ambiente (PNUMA), la Organización Meteorológica Mundial (OMM), la Comisión Internacional sobre Protección contra la Radiación no Ionizante (ICNIRP)}},
  title  = {Global Solar UV Index},
  year   = {2002},
  url    = {https://www.who.int/uv/publications/globalindex/es/}
}
@article{bikle_2014,
  title   = {Vitamin D Metabolism, Mechanism of Action, and Clinical Applications},
  journal = {Chemistry \& Biology},
  volume  = {21},
  number  = {3},
  pages   = {319-329},
  year    = {2014},
  issn    = {1074-5521},
  url     = {https://doi.org/10.1016/j.chembiol.2013.12.016},
  author  = {Daniel D. Bikle}
}
@article{Chameides1999,
  url       = {https://doi.org/10.1073/pnas.96.24.13626},
  year      = {1999},
  publisher = {Proceedings of the National Academy of Sciences},
  author    = {W. L. Chameides and H. Yu and S. C. Liu and M. Bergin and X. Zhou and L. Mearns and G. Wang and C. S. Kiang and R. D. Saylor and C. Luo and Y. Huang and A. Steiner and F. Giorgi},
  title     = {Case study of the effects of atmospheric aerosols and regional haze on agriculture: An opportunity to enhance crop yields in China through emission controls?},
  journal   = {Proceedings of the National Academy of Sciences}
}
@article{zuluga_2011,
  title   = {Vitamina D: nuevos paradigmas},
  volume  = {17},
  url     = {https://medicinaylaboratorio.com/index.php/myl/article/view/331},
  number  = {5-6},
  journal = {Medicina y Laboratorio},
  author  = {Zuluaga Espinosa, Nora Alejandra and Alfaro Velásquez, Juan Manuel and Balthazar González, Vital and Jiménez Blanco, Ketzzy Enith and Campuzano Maya, Germán},
  year    = {2011},
  month   = {may}
}
@book{Holick_2010,
  author    = {Holick, M. F.},
  title     = {The vitamin D solution : a 3-step strategy to cure our most common health problem},
  publisher = {Hudson Street Press},
  year      = {2010},
  isbn      = {9781594630675}
}
@article{belizan_1991,
  author  = {Belizán, José M. and Villar, José and Gonzalez, Laura and Campodonico, Liana and Bergel, Eduardo},
  title   = {Calcium Supplementation to Prevent Hypertensive Disorders of Pregnancy},
  journal = {New England Journal of Medicine},
  volume  = {325},
  number  = {20},
  pages   = {1399-1405},
  year    = {1991},
  url     = {https://doi.org/10.1056/NEJM199111143252002}
}
@book{adam_2002,
  author    = {Adam, Olaf},
  title     = {Vitamine, Spurenelemente und Mineralstoffe : Pr\"avention und Therapie mit Mikron\"ahrstoffen ; mit 241 Tabellen},
  publisher = {Thieme},
  year      = {2002},
  address   = {Stuttgart},
  isbn      = {9783131293718}
}
@article{Ishikawa_2016,
  doi       = {10.1007/s12016-016-8577-0},
  url       = {https://doi.org/10.1007/s12016-016-8577-0},
  year      = {2016},
  month     = aug,
  publisher = {Springer Science and Business Media {LLC}},
  volume    = {52},
  number    = {3},
  pages     = {373-388},
  author    = {Larissa Lumi Watanabe Ishikawa and Priscila Maria Colavite and Thais Fernanda de Campos Fraga-Silva and Luiza Ayumi Nishiyama Mimura and Thais Graziela Doneg{\'{a}} Fran{\c{c}}a and Sofia Fernanda Gon{\c{c}}alves Zorzella-Pezavento and Fernanda Chiuso-Minicucci and Larissa Doddi Marcolino and Marcimara Penitenti and Maura Rosane Valerio Ikoma and Alexandrina Sartori},
  title     = {Vitamin D Deficiency and Rheumatoid Arthritis},
  journal   = {Clinical Reviews in Allergy {\&} Immunology}
}
@article{Mercola2020,
  url       = {https://doi.org/10.3390/nu12113361},
  year      = {2020},
  publisher = {{MDPI} {AG}},
  volume    = {12},
  number    = {11},
  pages     = {3361},
  author    = {Joseph Mercola and William B. Grant and Carol L. Wagner},
  title     = {Evidence Regarding Vitamin D and Risk of {COVID}-19 and Its Severity},
  journal   = {Nutrients}
}
@techreport{CIE_2014,
  author    = {CIE and WMO (World Meteorological Organization},
  title     = {Rationalizing nomenclature for UV doses and effects on humans},
  publisher = {CIE. Central Bureau},
  year      = {2014},
  isbn      = {978-3-902842-35-0},
  url       = {http://cie.co.at/publications/rationalizing-nomenclature-uv-doses-and-effects-humans}
}
@article{Hrabk_2018,
  url       = {https://doi.org/10.5194/acp-18-7739-2018},
  year      = {2018},
  month     = jun,
  publisher = {Copernicus {GmbH}},
  volume    = {18},
  number    = {10},
  pages     = {7739-7755},
  author    = {Peter Hrab{\v{c}}{\'{a}}k},
  title     = {Comparison of the optical depth of total ozone and atmospheric aerosols in Poprad-G{\'{a}}novce,  Slovakia},
  journal   = {Atmospheric Chemistry and Physics}
}
@article{Dowdy_2010,
  url       = {https://doi.org/10.1016/j.jsbmb.2010.04.002},
  year      = {2010},
  publisher = {Elsevier {BV}},
  volume    = {121},
  number    = {1-2},
  pages     = {328-330},
  author    = {John C. Dowdy and Robert M. Sayre and Michael F. Holick},
  title     = {Holick{\textquotesingle}s rule and vitamin D from sunlight},
  journal   = {The Journal of Steroid Biochemistry and Molecular Biology}
}
@article{Bais_1993,
  author  = {Bais, Alkiviadis F. and Zerefos, Christos S. and Meleti, Chariklea and Ziomas, Ioannis C. and Tourpali, Kleareti},
  title   = {Spectral measurements of solar UVB radiation and its relations to total ozone, SO2, and clouds},
  journal = {Journal of Geophysical Research: Atmospheres},
  volume  = {98},
  number  = {D3},
  pages   = {5199-5204},
  url     = {https://agupubs.onlinelibrary.wiley.com/doi/abs/10.1029/92JD02904},
  year    = {1993}
}
@article{Kazadzis_2009,
  author  = {Kazadzis, S. and Kouremeti, N. and Bais, A. and Kazantzidis, A. and Meleti, C.},
  title   = {Aerosol forcing efficiency in the UVA region from spectral solar irradiance measurements at an urban environment},
  journal = {Annales Geophysicae},
  volume  = {27},
  year    = {2009},
  number  = {6},
  pages   = {2515-2522},
  url     = {https://angeo.copernicus.org/articles/27/2515/2009/}
}
@article{Feizabad_2017,
  doi       = {10.1007/s11657-017-0323-6},
  url       = {https://doi.org/10.1007/s11657-017-0323-6},
  year      = {2017},
  month     = apr,
  publisher = {Springer Science and Business Media {LLC}},
  volume    = {12},
  number    = {1},
  author    = {Elham Feizabad and Arash Hossein-nezhad and Zhila Maghbooli and Majid Ramezani and Roxana Hashemian and Syamak Moattari},
  title     = {Impact of air pollution on vitamin D deficiency and bone health in adolescents},
  journal   = {Archives of Osteoporosis}
}
@article{Chenlu_2021,
  author         = {Yang, Chenlu and Li, Dankang and Tian, Yaohua and Wang, Peiyu},
  title          = {Ambient Air Pollutions Are Associated with Vitamin D Status},
  journal        = {International Journal of Environmental Research and Public Health},
  volume         = {18},
  year           = {2021},
  number         = {13},
  article-number = {6887},
  url            = {https://www.mdpi.com/1660-4601/18/13/6887},
  pubmedid       = {34198962},
  issn           = {1660-4601},
  doi            = {10.3390/ijerph18136887}
}

@article{Rodriguez_2011,
  title     = {{Análisis comparativo del estado nutricional de vitamina D y de los hábitos de exposición solar de las participantes españolas (adolescentes y de edad avanzada) del Estudio de los Cinco Países (Proyecto OPTIFORD)}},
  journal   = {{Nutrición Hospitalaria}},
  author    = {Rodríguez Sangrador, M. and Beltrán de Miguel, B. and Cuadrado Vives, C. and Moreiras Tuni, O.},
  issn      = {0212-1611},
  url       = {http://scielo.isciii.es/scielo.php?script=sci_arttext&pid=S0212-16112011000300026&nrm=iso},
  volume    = {26},
  year      = {2011},
  month     = {06},
  pages     = {609 - 613},
  publisher = {scieloes}
}
@article{Hosseinpanah_2010,
  doi       = {10.1186/1471-2458-10-519},
  url       = {https://doi.org/10.1186/1471-2458-10-519},
  year      = {2010},
  month     = aug,
  publisher = {Springer Science and Business Media {LLC}},
  volume    = {10},
  number    = {1},
  author    = {Farhad Hosseinpanah and Sima Hashemi pour and Motahare Heibatollahi and Nilufar Moghbel and Saeed Asefzade and Fereidoun Azizi},
  title     = {The effects of air pollution on vitamin D status in healthy women: A cross sectional study},
  journal   = {{BMC} Public Health}
}