@manual{acuario_del_rio_parana,
  url          = {http://www.acuariodelrioparana.gob.ar/wp-content/uploads/sites/14/2020/11/Ecorregion-Delta-e-Islas-del-Parana.pdf},
  title        = {Ecorregión Delta e Islas del Paraná},
  organization = {{Centro Científico, Tecnológico y Educativo Acuario del Rio Paraná}},
  year         = {2020},
  note         = {Recuerado el 20 de enero de 2021}
}
@article{Galperin_2013,
  title   = {Valoración socio-económica de los bienes y servicios del humedal del Delta del Paraná},
  volume  = {14},
  url     = {https://raea.com.ar/revistaaaea_arg/article/view/14},
  number  = {1},
  journal = {Revista Argentina de Economía Agraria},
  author  = {Galperín, Carlos and Fossati, Verónica and Lottici, Maria Victoria},
  year    = {2013},
  month   = {dic.},
  pages   = {44-67}
}
@misc{pagina_12,
  author       = {{Página 12}},
  title        = {Incendios en el Delta del Paraná: el fuego arrassó 300 mil hectáreas y devastó la fauna y flora de los humedales.},
  howpublished = {https://www.pagina12.com.ar/298291-incendios-en-el-delta-del-parana-el-fuego-arraso-300-mil-hec},
  year         = {2020},
  note         = {Recuperado el 21 de enero de 2021}
}
@misc{SNMF_2020,
  author = {{Servicio Nacional del Manejo del Fuego}},
  title  = {{Reporte Diario}},
  url    = {https://www.argentina.gob.ar/sites/default/files/informe_incendios_pais_01_10_20_1.pdf},
  year   = {2020},
  note   = {Recuperado el 20 de enero de 2021}
}
@misc{quemas_2008,
  author = {{Kandus P.}},
  title  = {Análisis ecológico sobre el sector de islas frente a las localicades de Zárate, Baradero y San Pedro},
  url    = {www.unsam.edu.ar/institutos/3ia/archivos/INFORME_quemas_2009.pdf},
  year   = {2009},
  note   = {Recuperado el 9 de junio de 2021}
}
@misc{molinas_2020,
  author = {Jorge Luis Molinas and Pablo Arias},
  title  = {Contaminación del aire por humo y aumento de la morbimortalidad respiratoria y cardiovascular.},
  url    = {https://fcm.unr.edu.ar/quema-de-humedales-informe/},
  year   = {2020},
  note   = {Recuperado el 20 de enero de 2021}
}

@inbook{atlas_radiacion_colombia_2005,
  author    = {Flórez Piedrahita, Carlos Arturo and Rodríguez Hernández , Alberto and Zapata Lesmes, Henry Josué and Concha Perdomo, Ismael and Romero Romero, Luis Carlos and Vesga Alfaro, Daniel Roberto and Costa Posada, Carlos and Henríquez Daza, Maximiliano and Simbaqueva Fonseca, Ovidio  and González Gómez,Olga Cecilia},
  title     = {Atlas de radiación solar de Colombia},
  chapter   = {Característica de la radiación solar},
  pages     = {127-137},
  publisher = {Imprenta nacional de Colombia},
  year      = 2005
}
@techreport{henry_2010,
  author      = {Benavides Ballesteros, Henry Oswaldo},
  title       = {Información tecnica sobre la radiación ultravioleta, el índice UV y su pronóstico},
  institution = {Instituto de Hidrología, Meteorología y Estudios Ambientales},
  year        = {2010},
  pages       = {1-41}
}
@article{Estupin_1996,
  url       = {https://doi.org/10.1029/96jd01170},
  year      = {1996},
  publisher = {American Geophysical Union ({AGU})},
  author    = {Jeral G. Estupiñán and Sethu Raman and Gennaro H. Crescenti and John J. Streicher and William F. Barnard},
  title     = {Effects of clouds and haze on {UV}-B radiation},
  journal   = {Journal of Geophysical Research: Atmospheres}
}
@book{Holick_1989,
  author    = {Michael F Holick},
  title     = {Phylogenetic and evolutionary aspects of vitamin D from phytoplankton to humans. Vertebrate endocrinology: fundamentals and biomedical implications},
  volume    = {3},
  pages     = {7-43},
  publisher = {FL: Academic Press},
  year      = {1989}
}
@article{Holick_2004,
  url       = {https://doi.org/10.1093/ajcn/80.6.1678s},
  year      = {2004},
  publisher = {Oxford University Press ({OUP})},
  author    = {Michael F Holick},
  title     = {Sunlight and vitamin D for bone health and prevention of autoimmune diseases,  cancers,  and cardiovascular disease},
  journal   = {The American Journal of Clinical Nutrition}
}
@article{vazquez_2017,
  author  = {Vásquez-Awad, David and Cano-Gutiérrez, Carlos Alberto and Gómez-Ortiz, Armando and González, Miguel Angel and Guzmán-Moreno,Renato and Martínez-Reyes, Ignacio and Rosero-Olarte, Oscar and  Rueda-Beltz, Camilo and Acosta-Reyes, Jorge Luis},
  year    = {2017},
  title   = {Vitamina D. Consenso colombiano de expertos},
  isbn    = {0120-5498},
  journal = {Medicina}
}
@book{global_solar_uv_index_2002,
  author = {{Organización Mundial de la Salud (OMS) en colaboración con el Programa de las Naciones Unidas para el Medio Ambiente (PNUMA), la Organización Meteorológica Mundial (OMM), la Comisión Internacional sobre Protección contra la Radiación no Ionizante (ICNIRP)}},
  title  = {Global Solar UV Index},
  year   = {2002}
}
@article{Chameides1999,
  url       = {https://doi.org/10.1073/pnas.96.24.13626},
  year      = {1999},
  publisher = {Proceedings of the National Academy of Sciences},
  author    = {W. L. Chameides and H. Yu and S. C. Liu and M. Bergin and X. Zhou and L. Mearns and G. Wang and C. S. Kiang and R. D. Saylor and C. Luo and Y. Huang and A. Steiner and F. Giorgi},
  title     = {Case study of the effects of atmospheric aerosols and regional haze on agriculture: An opportunity to enhance crop yields in China through emission controls?},
  journal   = {Proceedings of the National Academy of Sciences}
}